@ARTICLE{wlreview,
   author = {{Schneider}, P.},
    title = "{Weak Gravitational Lensing}",
  journal = {ArXiv Astrophysics e-prints},
   eprint = {astro-ph/0509252},
 keywords = {Astrophysics},
     year = 2005,
    month = sep,
   adsurl = {http://adsabs.harvard.edu/abs/2005astro.ph..9252S},
  adsnote = {Provided by the SAO/NASA Astrophysics Data System}
}

@BOOK{astroMLText,
 title={Statistics, Data Mining and Machine Learning in Astronomy},
 author={{Ivezi{\'c}}, {\v Z}. and {Connolly}, A.J.
         and {Vanderplas}, J.T. and {Gray}, A.},
 publisher={Princeton University Press},
 location={Princeton, NJ},
 year={2014}
}

%%%%%%%%%%%%%%%%%%%%%%%%%%%%%%%%%%%%%%%%%%%%%%%%%%%%%%%%%%%%%%%%%%%%%%%%%%%%%%%%%%%%%%%%

@ARTICLE{FangHaiman07,
   author = {{Fang}, W. and {Haiman}, Z.},
    title = "{Constraining dark energy by combining cluster counts and shear-shear correlations in a weak lensing survey}",
  journal = {\prd},
   eprint = {astro-ph/0612187},
 keywords = {Galaxy clusters, Dark energy, Background radiations},
     year = 2007,
    month = feb,
   volume = 75,
   number = 4,
      eid = {043010},
    pages = {043010},
      doi = {10.1103/PhysRevD.75.043010},
   adsurl = {http://adsabs.harvard.edu/abs/2007PhRvD..75d3010F},
  adsnote = {Provided by the SAO/NASA Astrophysics Data System}
}

@ARTICLE{Huterer2006,
   author = "{{Huterer}, D. and {Takada}, M. and {Bernstein}, G. and {Jain}, B.}",
    title = "{Systematic errors in future weak-lensing surveys: requirements and prospects for self-calibration}",
  journal = {\mnras},
   eprint = {astro-ph/0506030},
 keywords = {cosmological parameters, large-scale structure of Universe},
     year = 2006,
    month = feb,
   volume = 366,
    pages = {101-114},
      doi = {10.1111/j.1365-2966.2005.09782.x},
   adsurl = {http://adsabs.harvard.edu/abs/2006MNRAS.366..101H},
  adsnote = {Provided by the SAO/NASA Astrophysics Data System}
}

@ARTICLE{SongKnox,
   author = {{Song}, Y.-S. and {Knox}, L.},
    title = "{Determination of cosmological parameters from cosmic shear data}",
  journal = {\prd},
   eprint = {arXiv:astro-ph/0312175},
 keywords = {Superclusters; large-scale structure of the Universe, Dark matter, Background radiations, Observational cosmology},
     year = 2004,
    month = sep,
   volume = 70,
   number = 6,
      eid = {063510},
    pages = {063510},
      doi = {10.1103/PhysRevD.70.063510},
   adsurl = {http://adsabs.harvard.edu/abs/2004PhRvD..70f3510S},
  adsnote = {Provided by the SAO/NASA Astrophysics Data System}
}

%%%%%%%%%%%%%%%%%%%%%%%%%%%%%%%%%%%%%%%%%%%%%%%%%%%%%%%%%%%%%%%%%%%%%%%%%%%%%%%%%%%%%%%

@ARTICLE{Matsubara10,
   author = {{Matsubara}, T.},
    title = "{Analytic Minkowski functionals of the cosmic microwave background: Second-order non-Gaussianity with bispectrum and trispectrum}",
  journal = {\prd},
archivePrefix = "arXiv",
   eprint = {1001.2321},
 primaryClass = "astro-ph.CO",
 keywords = {Cosmology, Background radiations, Observational cosmology, Mathematical and relativistic aspects of cosmology},
     year = 2010,
    month = apr,
   volume = 81,
   number = 8,
      eid = {083505},
    pages = {083505},
      doi = {10.1103/PhysRevD.81.083505},
   adsurl = {http://adsabs.harvard.edu/abs/2010PhRvD..81h3505M},
  adsnote = {Provided by the SAO/NASA Astrophysics Data System}
}

@ARTICLE{Munshi12,
   author = {{Munshi}, D. and {van Waerbeke}, L. and {Smidt}, J. and {Coles}, P.
  },
    title = "{From weak lensing to non-Gaussianity via Minkowski functionals}",
  journal = {\mnras},
archivePrefix = "arXiv",
   eprint = {1103.1876},
 primaryClass = "astro-ph.CO",
 keywords = {gravitational lensing: weak, methods: analytical, methods: numerical, methods: statistical, cosmology: theory, large-scale structure of Universe},
     year = 2012,
    month = jan,
   volume = 419,
    pages = {536-555},
      doi = {10.1111/j.1365-2966.2011.19718.x},
   adsurl = {http://adsabs.harvard.edu/abs/2012MNRAS.419..536M},
  adsnote = {Provided by the SAO/NASA Astrophysics Data System}
}

@ARTICLE{MinkPetri,
   author = {{Petri}, A. and {Haiman}, Z. and {Hui}, L. and {May}, M. and 
  {Kratochvil}, J.~M.},
    title = "{Cosmology with Minkowski functionals and moments of the weak lensing convergence field}",
  journal = {\prd},
archivePrefix = "arXiv",
   eprint = {1309.4460},
 keywords = {Relativity and gravitation, Gravitational lenses and luminous arcs},
     year = 2013,
    month = dec,
   volume = 88,
   number = 12,
      eid = {123002},
    pages = {123002},
      doi = {10.1103/PhysRevD.88.123002},
   adsurl = {http://adsabs.harvard.edu/abs/2013PhRvD..88l3002P},
  adsnote = {Provided by the SAO/NASA Astrophysics Data System}
}

%%%%%%%%%%%%%%%%%%%%%%%%%%%%%%%%%%%%%%%%%%%%%%%%%%%%%%%%%%%%%%%%%%%%%%%%%%%%%%%%%%%%%%%

@ARTICLE{DodelsonSchneider13,
   author = {{Dodelson}, S. and {Schneider}, M.~D.},
    title = "{The effect of covariance estimator error on cosmological parameter constraints}",
  journal = {\prd},
archivePrefix = "arXiv",
   eprint = {1304.2593},
 primaryClass = "astro-ph.CO",
 keywords = {Cosmology, Dark energy, Superclusters, large-scale structure of the Universe},
     year = 2013,
    month = sep,
   volume = 88,
   number = 6,
      eid = {063537},
    pages = {063537},
      doi = {10.1103/PhysRevD.88.063537},
   adsurl = {http://adsabs.harvard.edu/abs/2013PhRvD..88f3537D},
  adsnote = {Provided by the SAO/NASA Astrophysics Data System}
}

@ARTICLE{Taylor12,
   author = {{Taylor}, A. and {Joachimi}, B. and {Kitching}, T.},
    title = "{Putting the precision in precision cosmology: How accurate should your data covariance matrix be?}",
  journal = {\mnras},
archivePrefix = "arXiv",
   eprint = {1212.4359},
 keywords = {methods: statistical, cosmological parameters, cosmology: theory, large-scale structure of Universe},
     year = 2013,
    month = jul,
   volume = 432,
    pages = {1928-1946},
      doi = {10.1093/mnras/stt270},
   adsurl = {http://adsabs.harvard.edu/abs/2013MNRAS.432.1928T},
  adsnote = {Provided by the SAO/NASA Astrophysics Data System}
}

@ARTICLE{Taylor14,
   author = {{Taylor}, A. and {Joachimi}, B.},
    title = "{Estimating cosmological parameter covariance}",
  journal = {\mnras},
archivePrefix = "arXiv",
   eprint = {1402.6983},
 keywords = {methods: data analysis, methods: statistical, cosmological parameters, large-scale structure of Universe},
     year = 2014,
    month = aug,
   volume = 442,
    pages = {2728-2738},
      doi = {10.1093/mnras/stu996},
   adsurl = {http://adsabs.harvard.edu/abs/2014MNRAS.442.2728T},
  adsnote = {Provided by the SAO/NASA Astrophysics Data System}
}

@ARTICLE{NbodySample,
   author = {{Casarini}, L. and {Piattella}, O.~F. and {Bonometto}, S.~A. and 
  {Mezzetti}, M.},
    title = "{Sample Variance in N-body Simulations and Impact on Tomographic Shear Predictions}",
  journal = {\apj},
archivePrefix = "arXiv",
   eprint = {1406.5374},
 keywords = {gravitational lensing: weak, large-scale structure of universe, methods: numerical},
     year = 2015,
    month = oct,
   volume = 812,
      eid = {16},
    pages = {16},
      doi = {10.1088/0004-637X/812/1/16},
   adsurl = {http://adsabs.harvard.edu/abs/2015ApJ...812...16C},
  adsnote = {Provided by the SAO/NASA Astrophysics Data System}
}

@ARTICLE{Hartlap07,
   author = {{Hartlap}, J. and {Simon}, P. and {Schneider}, P.},
    title = "{Why your model parameter confidences might be too optimistic. Unbiased estimation of the inverse covariance matrix}",
  journal = {\aap},
   eprint = {arXiv:astro-ph/0608064},
 keywords = {methods: analytical, methods: data analysis, gravitational lensing},
     year = 2007,
    month = mar,
   volume = 464,
    pages = {399-404},
      doi = {10.1051/0004-6361:20066170},
   adsurl = {http://adsabs.harvard.edu/abs/2007A%26A...464..399H},
  adsnote = {Provided by the SAO/NASA Astrophysics Data System}
}

@ARTICLE{MasumotoWishart,
   author = {{Matsumoto}, S.},
    title = "{General moments of the inverse real Wishart distribution and orthogonal Weingarten functions}",
  journal = {ArXiv e-prints},
archivePrefix = "arXiv",
   eprint = {1004.4717},
 primaryClass = "math.ST",
 keywords = {Mathematics - Statistics Theory, Mathematics - Representation Theory},
     year = 2010,
    month = apr,
   adsurl = {http://adsabs.harvard.edu/abs/2010arXiv1004.4717M},
  adsnote = {Provided by the SAO/NASA Astrophysics Data System}
}

@ARTICLE{coyote2,
   author = {{Heitmann}, K. and {Higdon}, D. and {White}, M. and {Habib}, S. and 
  {Williams}, B.~J. and {Lawrence}, E. and {Wagner}, C.},
    title = "{The Coyote Universe. II. Cosmological Models and Precision Emulation of the Nonlinear Matter Power Spectrum}",
  journal = {\apj},
archivePrefix = "arXiv",
   eprint = {0902.0429},
 primaryClass = "astro-ph.CO",
 keywords = {large-scale structure of universe, methods: statistical},
     year = 2009,
    month = nov,
   volume = 705,
    pages = {156-174},
      doi = {10.1088/0004-637X/705/1/156},
   adsurl = {http://adsabs.harvard.edu/abs/2009ApJ...705..156H},
  adsnote = {Provided by the SAO/NASA Astrophysics Data System}
}

@ARTICLE{Nicaea,
   author = {{Kilbinger}, M. and {Benabed}, K. and {Guy}, J. and {Astier}, P. and 
  {Tereno}, I. and {Fu}, L. and {Wraith}, D. and {Coupon}, J. and 
  {Mellier}, Y. and {Balland}, C. and {Bouchet}, F.~R. and {Hamana}, T. and 
  {Hardin}, D. and {McCracken}, H.~J. and {Pain}, R. and {Regnault}, N. and 
  {Schultheis}, M. and {Yahagi}, H.},
    title = "{Dark-energy constraints and correlations with systematics from CFHTLS weak lensing, SNLS supernovae Ia and WMAP5}",
  journal = {\aap},
archivePrefix = "arXiv",
   eprint = {0810.5129},
 keywords = {cosmology: observations, cosmology: cosmological parameters, methods: statistical},
     year = 2009,
    month = apr,
   volume = 497,
    pages = {677-688},
      doi = {10.1051/0004-6361/200811247},
   adsurl = {http://adsabs.harvard.edu/abs/2009A%26A...497..677K},
  adsnote = {Provided by the SAO/NASA Astrophysics Data System}
}

@article{SchneiderKnoxCovariance,
  title = {Simulations and cosmological inference: A statistical model for power spectra means and covariances},
  author = {Schneider, Michael D. and Knox, Lloyd and Habib, Salman and Heitmann, Katrin and Higdon, David and Nakhleh, Charles},
  journal = {Phys. Rev. D},
  volume = {78},
  issue = {6},
  pages = {063529},
  numpages = {13},
  year = {2008},
  month = {Sep},
  publisher = {American Physical Society},
  doi = {10.1103/PhysRevD.78.063529},
  url = {http://link.aps.org/doi/10.1103/PhysRevD.78.063529}
}

@ARTICLE{Gadget2,
   author = {{Springel}, V.},
    title = "{The cosmological simulation code GADGET-2}",
  journal = {\mnras},
   eprint = {astro-ph/0505010},
 keywords = {methods: numerical, galaxies: interactions, dark matter},
     year = 2005,
    month = dec,
   volume = 364,
    pages = {1105-1134},
      doi = {10.1111/j.1365-2966.2005.09655.x},
   adsurl = {http://adsabs.harvard.edu/abs/2005MNRAS.364.1105S},
  adsnote = {Provided by the SAO/NASA Astrophysics Data System}
}

@ARTICLE{Qcontinuum,
   author = {{Heitmann}, K. and {Frontiere}, N. and {Sewell}, C. and {Habib}, S. and 
  {Pope}, A. and {Finkel}, H. and {Rizzi}, S. and {Insley}, J. and 
  {Bhattacharya}, S.},
    title = "{The Q Continuum Simulation: Harnessing the Power of GPU Accelerated Supercomputers}",
  journal = {\apjs},
archivePrefix = "arXiv",
   eprint = {1411.3396},
 keywords = {large-scale structure of universe, methods: numerical},
     year = 2015,
    month = aug,
   volume = 219,
      eid = {34},
    pages = {34},
      doi = {10.1088/0067-0049/219/2/34},
   adsurl = {http://adsabs.harvard.edu/abs/2015ApJS..219...34H},
  adsnote = {Provided by the SAO/NASA Astrophysics Data System}
}

@ARTICLE{HACC,
   author = {{Habib}, S. and {Pope}, A. and {Finkel}, H. and {Frontiere}, N. and 
  {Heitmann}, K. and {Daniel}, D. and {Fasel}, P. and {Morozov}, V. and 
  {Zagaris}, G. and {Peterka}, T. and {Vishwanath}, V. and {Luki{\'c}}, Z. and 
  {Sehrish}, S. and {Liao}, W.-k.},
    title = "{HACC: Simulating sky surveys on state-of-the-art supercomputing architectures}",
archivePrefix = "arXiv",
   eprint = {1410.2805},
 primaryClass = "astro-ph.IM",
 keywords = {Cosmology-large scale structure of the Universe, N-body simulations},
     year = 2016,
    month = jan,
   volume = 42,
    pages = {49-65},
      doi = {10.1016/j.newast.2015.06.003},
   adsurl = {http://adsabs.harvard.edu/abs/2016NewA...42...49H},
  adsnote = {Provided by the SAO/NASA Astrophysics Data System}
}

@ARTICLE{RayTracingJain,
   author = {{Jain}, B. and {Seljak}, U. and {White}, S.},
    title = "{Ray-tracing Simulations of Weak Lensing by Large-Scale Structure}",
  journal = {\apj},
   eprint = {astro-ph/9901191},
 keywords = {COSMOLOGY: THEORY, COSMOLOGY: GRAVITATIONAL LENSING, METHODS: NUMERICAL},
     year = 2000,
    month = feb,
   volume = 530,
    pages = {547-577},
      doi = {10.1086/308384},
   adsurl = {http://adsabs.harvard.edu/abs/2000ApJ...530..547J},
  adsnote = {Provided by the SAO/NASA Astrophysics Data System}
}

@ARTICLE{RayTracingHartlap,
   author = {{Hilbert}, S. and {Hartlap}, J. and {White}, S.~D.~M. and {Schneider}, P.
  },
    title = "{Ray-tracing through the Millennium Simulation: Born corrections and lens-lens coupling in cosmic shear and galaxy-galaxy lensing}",
  journal = {\aap},
archivePrefix = "arXiv",
   eprint = {0809.5035},
 keywords = {gravitational lensing, dark matter, large-scale structure of Universe, cosmology: theory, methods: numerical},
     year = 2009,
    month = may,
   volume = 499,
    pages = {31-43},
      doi = {10.1051/0004-6361/200811054},
   adsurl = {http://adsabs.harvard.edu/abs/2009A%26A...499...31H},
  adsnote = {Provided by the SAO/NASA Astrophysics Data System}
}

%%%%%%%%%%%%%%%%%%%%%%%%%%%%%%%%%%%%%%%%%%%%%%%%%%%%%%%%%%%%%%%%%%%%%%%%%%%%%%%%%%%%%%%%%%%%%%%

@MISC{LensTools-ASCL,
   author = {{Petri}, A.},
    title = "{LensTools: Weak Lensing computing tools}",
howpublished = {Astrophysics Source Code Library},
     year = 2016,
    month = feb,
archivePrefix = "ascl",
   eprint = {1602.009},
   adsurl = {http://adsabs.harvard.edu/abs/2016ascl.soft02009P},
  adsnote = {Provided by the SAO/NASA Astrophysics Data System}
}

@ARTICLE{LensTools-paper,
   author = {{Petri}, A.},
    title = "{Mocking the weak lensing universe: The LensTools Python computing package}",
  journal = {Astronomy and Computing},
archivePrefix = "arXiv",
   eprint = {1606.01903},
 keywords = {Weak Gravitational Lensing, Simulations},
     year = 2016,
    month = oct,
   volume = 17,
    pages = {73-79},
      doi = {10.1016/j.ascom.2016.06.001},
   adsurl = {http://adsabs.harvard.edu/abs/2016A%26C....17...73P},
  adsnote = {Provided by the SAO/NASA Astrophysics Data System}
}

@article{PetriVariance,
  title = {Sample variance in weak lensing: How many simulations are required?},
  author = {Petri, Andrea and Haiman, Zolt\'an and May, Morgan},
  journal = {Phys. Rev. D},
  volume = {93},
  issue = {6},
  pages = {063524},
  numpages = {10},
  year = {2016},
  month = {Mar},
  publisher = {American Physical Society},
  doi = {10.1103/PhysRevD.93.063524},
  url = {http://link.aps.org/doi/10.1103/PhysRevD.93.063524}
}



%%%%%%%%%%%%%%%%%%%%%%%%%%%%%%%%%%%%%%%%%%%%%%%%%%%%%%%%%%%%%%%%%%%%%%%%%%%%%%%%%%%%%%%%%%%%%%%

@ARTICLE{Sato12,
   author = {{Sato}, M. and {Hamana}, T. and {Takahashi}, R. and {Takada}, M. and 
  {Yoshida}, N. and {Matsubara}, T. and {Sugiyama}, N.},
    title = "{Simulations of Wide-Field Weak Lensing Surveys. I. Basic Statistics and Non-Gaussian Effects}",
  journal = {\apj},
archivePrefix = "arXiv",
   eprint = {0906.2237},
 primaryClass = "astro-ph.CO",
 keywords = {cosmology: theory, gravitational lensing, large-scale structure of universe, methods: numerical},
     year = 2009,
    month = aug,
   volume = 701,
    pages = {945-954},
      doi = {10.1088/0004-637X/701/2/945},
   adsurl = {http://adsabs.harvard.edu/abs/2009ApJ...701..945S},
  adsnote = {Provided by the SAO/NASA Astrophysics Data System}
}

@ARTICLE{TakadaSpergel14,
   author = {{Takada}, M. and {Spergel}, D.~N.},
    title = "{Joint analysis of cluster number counts and weak lensing power spectrum to correct for the super-sample covariance}",
  journal = {\mnras},
archivePrefix = "arXiv",
   eprint = {1307.4399},
 keywords = {gravitational lensing: weak, cosmology: theory, large-scale structure of universe},
     year = 2014,
    month = jul,
   volume = 441,
    pages = {2456-2475},
      doi = {10.1093/mnras/stu759},
   adsurl = {http://adsabs.harvard.edu/abs/2014MNRAS.441.2456T},
  adsnote = {Provided by the SAO/NASA Astrophysics Data System}
}

%%%%%%%%%%%%%%%%%%%%%%%%%%%%%%%%%%%%%%%%%%%%%%%%%%%%%%%%%%%%%%%%%%%%%%%%%%%%%%%%%%%%%%%%%%%%%%%%%%%%%%%%%%%%%%%%%%%%%%%%

@ARTICLE{cfht1,
   author = {{Heymans}, C. and {Van Waerbeke}, L. and {Miller}, L. and {Erben}, T. and 
  {Hildebrandt}, H. and {Hoekstra}, H. and {Kitching}, T.~D. and 
  {Mellier}, Y. and {Simon}, P. and {Bonnett}, C. and {Coupon}, J. and 
  {Fu}, L. and {Harnois D{\'e}raps}, J. and {Hudson}, M.~J. and 
  {Kilbinger}, M. and {Kuijken}, K. and {Rowe}, B. and {Schrabback}, T. and 
  {Semboloni}, E. and {van Uitert}, E. and {Vafaei}, S. and {Velander}, M.
  },
    title = "{CFHTLenS: the Canada-France-Hawaii Telescope Lensing Survey}",
  journal = {\mnras},
archivePrefix = "arXiv",
   eprint = {1210.0032},
 primaryClass = "astro-ph.CO",
 keywords = {gravitational lensing: weak, cosmology: observations},
     year = 2012,
    month = nov,
   volume = 427,
    pages = {146-166},
      doi = {10.1111/j.1365-2966.2012.21952.x},
   adsurl = {http://adsabs.harvard.edu/abs/2012MNRAS.427..146H},
  adsnote = {Provided by the SAO/NASA Astrophysics Data System}
}

@ARTICLE{cfht2,
   author = {{Miller}, L. and {Heymans}, C. and {Kitching}, T.~D. and {van Waerbeke}, L. and 
  {Erben}, T. and {Hildebrandt}, H. and {Hoekstra}, H. and {Mellier}, Y. and 
  {Rowe}, B.~T.~P. and {Coupon}, J. and {Dietrich}, J.~P. and 
  {Fu}, L. and {Harnois-D{\'e}raps}, J. and {Hudson}, M.~J. and 
  {Kilbinger}, M. and {Kuijken}, K. and {Schrabback}, T. and {Semboloni}, E. and 
  {Vafaei}, S. and {Velander}, M.},
    title = "{Bayesian galaxy shape measurement for weak lensing surveys - III. Application to the Canada-France-Hawaii Telescope Lensing Survey}",
  journal = {\mnras},
archivePrefix = "arXiv",
   eprint = {1210.8201},
 primaryClass = "astro-ph.CO",
 keywords = {gravitational lensing: weak, methods: data analysis, methods: statistical, cosmology: observations},
     year = 2013,
    month = mar,
   volume = 429,
    pages = {2858-2880},
      doi = {10.1093/mnras/sts454},
   adsurl = {http://adsabs.harvard.edu/abs/2013MNRAS.429.2858M},
  adsnote = {Provided by the SAO/NASA Astrophysics Data System}
}

@ARTICLE{CFHTMink,
   author = {{Petri}, A. and {Liu}, J. and {Haiman}, Z. and {May}, M. and 
  {Hui}, L. and {Kratochvil}, J.~M.},
    title = "{Emulating the CFHTLenS weak lensing data: Cosmological constraints from moments and Minkowski functionals}",
  journal = {\prd},
archivePrefix = "arXiv",
   eprint = {1503.06214},
 keywords = {Cosmology, Relativity and gravitation, Dark energy, Gravitational lenses and luminous arcs},
     year = 2015,
    month = may,
   volume = 91,
   number = 10,
      eid = {103511},
    pages = {103511},
      doi = {10.1103/PhysRevD.91.103511},
   adsurl = {http://adsabs.harvard.edu/abs/2015PhRvD..91j3511P},
  adsnote = {Provided by the SAO/NASA Astrophysics Data System}
}


@ARTICLE{CFHTPeaks,
   author = {{Liu}, J. and {Petri}, A. and {Haiman}, Z. and {Hui}, L. and 
  {Kratochvil}, J.~M. and {May}, M.},
    title = "{Cosmology constraints from the weak lensing peak counts and the power spectrum in CFHTLenS data}",
  journal = {\prd},
archivePrefix = "arXiv",
   eprint = {1412.0757},
 keywords = {Cosmology, Relativity and gravitation, Dark energy, Gravitational lenses and luminous arcs},
     year = 2015,
    month = mar,
   volume = 91,
   number = 6,
      eid = {063507},
    pages = {063507},
      doi = {10.1103/PhysRevD.91.063507},
   adsurl = {http://adsabs.harvard.edu/abs/2015PhRvD..91f3507L},
  adsnote = {Provided by the SAO/NASA Astrophysics Data System}
}

%%%%%%%%%%%%%%%%%%%%%%%%%%%%%%%%%%%%%%%%%%%%%%%%%%%%%%%%%%%%%%%%%%%%%%%%%%%%%%%%%%%%%%%%%%%%%%%%%%%%%%%%%%%%%%%%%%%%%%%%%%%%%%%%%%%%%%%%%%%%

@ARTICLE{cosmos,
   author = {{Koekemoer}, A.~M. and {Aussel}, H. and {Calzetti}, D. and {Capak}, P. and 
  {Giavalisco}, M. and {Kneib}, J.-P. and {Leauthaud}, A. and 
  {Le F{\`e}vre}, O. and {McCracken}, H.~J. and {Massey}, R. and 
  {Mobasher}, B. and {Rhodes}, J. and {Scoville}, N. and {Shopbell}, P.~L.
  },
    title = "{The COSMOS Survey: Hubble Space Telescope Advanced Camera for Surveys Observations and Data Processing}",
  journal = {\apjs},
   eprint = {astro-ph/0703095},
 keywords = {Cosmology: Observations, Cosmology: Dark Matter, Galaxies: Evolution, Galaxies: Formation, Cosmology: Large-Scale Structure of Universe, Surveys},
     year = 2007,
    month = sep,
   volume = 172,
    pages = {196-202},
      doi = {10.1086/520086},
   adsurl = {http://adsabs.harvard.edu/abs/2007ApJS..172..196K},
  adsnote = {Provided by the SAO/NASA Astrophysics Data System}
}

@ARTICLE{DES,
   author = {{Gruen}, D. and {Friedrich}, O. and {Amara}, A. and {Bacon}, D. and 
  {Bonnett}, C. and {Hartley}, W. and {Jain}, B. and {Jarvis}, M. and 
  {Kacprzak}, T. and {Krause}, E. and {Mana}, A. and {Rozo}, E. and 
  {Rykoff}, E.~S. and {Seitz}, S. and {Sheldon}, E. and {Troxel}, M.~A. and 
  {Vikram}, V. and {Abbott}, T.~M.~C. and {Abdalla}, F.~B. and 
  {Allam}, S. and {Armstrong}, R. and {Banerji}, M. and {Bauer}, A.~H. and 
  {Becker}, M.~R. and {Benoit-L{\'e}vy}, A. and {Bernstein}, G.~M. and 
  {Bernstein}, R.~A. and {Bertin}, E. and {Bridle}, S.~L. and 
  {Brooks}, D. and {Buckley-Geer}, E. and {Burke}, D.~L. and {Capozzi}, D. and 
  {Carnero Rosell}, A. and {Carrasco Kind}, M. and {Carretero}, J. and 
  {Crocce}, M. and {Cunha}, C.~E. and {D'Andrea}, C.~B. and {da Costa}, L.~N. and 
  {DePoy}, D.~L. and {Desai}, S. and {Diehl}, H.~T. and {Dietrich}, J.~P. and 
  {Doel}, P. and {Eifler}, T.~F. and {Neto}, A.~F. and {Fernandez}, E. and 
  {Flaugher}, B. and {Fosalba}, P. and {Frieman}, J. and {Gerdes}, D.~W. and 
  {Gruendl}, R.~A. and {Gutierrez}, G. and {Honscheid}, K. and 
  {James}, D.~J. and {Kuehn}, K. and {Kuropatkin}, N. and {Lahav}, O. and 
  {Li}, T.~S. and {Lima}, M. and {Maia}, M.~A.~G. and {March}, M. and 
  {Martini}, P. and {Melchior}, P. and {Miller}, C.~J. and {Miquel}, R. and 
  {Mohr}, J.~J. and {Nord}, B. and {Ogando}, R. and {Plazas}, A.~A. and 
  {Reil}, K. and {Romer}, A.~K. and {Roodman}, A. and {Sako}, M. and 
  {Sanchez}, E. and {Scarpine}, V. and {Schubnell}, M. and {Sevilla-Noarbe}, I. and 
  {Smith}, R.~C. and {Soares-Santos}, M. and {Sobreira}, F. and 
  {Suchyta}, E. and {Swanson}, M.~E.~C. and {Tarle}, G. and {Thaler}, J. and 
  {Thomas}, D. and {Walker}, A.~R. and {Wechsler}, R.~H. and {Weller}, J. and 
  {Zhang}, Y. and {Zuntz}, J.},
    title = "{Weak lensing by galaxy troughs in DES Science Verification data}",
  journal = {\mnras},
archivePrefix = "arXiv",
   eprint = {1507.05090},
 keywords = {gravitational lensing: weak, cosmology: observations},
     year = 2016,
    month = jan,
   volume = 455,
    pages = {3367-3380},
      doi = {10.1093/mnras/stv2506},
   adsurl = {http://adsabs.harvard.edu/abs/2016MNRAS.455.3367G},
  adsnote = {Provided by the SAO/NASA Astrophysics Data System}
}

@ARTICLE{LSST,
   author = {{LSST Dark Energy Science Collaboration}},
    title = "{Large Synoptic Survey Telescope: Dark Energy Science Collaboration}",
  journal = {ArXiv e-prints},
archivePrefix = "arXiv",
   eprint = {1211.0310},
 primaryClass = "astro-ph.CO",
 keywords = {Astrophysics - Cosmology and Extragalactic Astrophysics, High Energy Physics - Experiment},
     year = 2012,
    month = nov,
   adsurl = {http://adsabs.harvard.edu/abs/2012arXiv1211.0310L},
  adsnote = {Provided by the SAO/NASA Astrophysics Data System}
}

@ARTICLE{LSSTSciBook, 
  author = {{LSST Science Collaboration} and {Abell}, P.~A. and {Allison}, J. and {Anderson}, S.~F. and {Andrew}, J.~R. and {Angel}, J.~R.~P. and {Armus}, L. and {Arnett}, D. and {Asztalos}, S.~J. and {Axelrod}, T.~S. and et al.}, 
  title = "{LSST Science Book, Version 2.0}", 
  journal = {ArXiv e-prints}, 
  archivePrefix = "arXiv", eprint = {0912.0201}, 
  primaryClass = "astro-ph.IM", 
  keywords = {Astrophysics - Instrumentation and Methods for Astrophysics, Astrophysics - Cosmology and Extragalactic Astrophysics, Astrophysics - Earth and Planetary Astrophysics, Astrophysics - Galaxy Astrophysics, Astrophysics - Solar and Stellar Astrophysics}, 
  year = 2009, 
  month = dec, 
  adsurl = {http://adsabs.harvard.edu/abs/2009arXiv0912.0201L}, 
  adsnote = {Provided by the SAO/NASA Astrophysics Data System} 
}


@INPROCEEDINGS{Euclid,
   author = {{Amiaux}, J. and {Scaramella}, R. and {Mellier}, Y. and {Altieri}, B. and 
  {Burigana}, C. and {Da Silva}, A. and {Gomez}, P. and {Hoar}, J. and 
  {Laureijs}, R. and {Maiorano}, E. and {Magalh{\~a}es Oliveira}, D. and 
  {Renk}, F. and {Saavedra Criado}, G. and {Tereno}, I. and {Augu{\`e}res}, J.~L. and 
  {Brinchmann}, J. and {Cropper}, M. and {Duvet}, L. and {Ealet}, A. and 
  {Franzetti}, P. and {Garilli}, B. and {Gondoin}, P. and {Guzzo}, L. and 
  {Hoekstra}, H. and {Holmes}, R. and {Jahnke}, K. and {Kitching}, T. and 
  {Meneghetti}, M. and {Percival}, W. and {Warren}, S.},
    title = "{Euclid mission: building of a reference survey}",
booktitle = {Society of Photo-Optical Instrumentation Engineers (SPIE) Conference Series},
     year = 2012,
   series = {Society of Photo-Optical Instrumentation Engineers (SPIE) Conference Series},
   volume = 8442,
archivePrefix = "arXiv",
   eprint = {1209.2228},
 primaryClass = "astro-ph.IM",
    month = sep,
      eid = {84420Z},
    pages = {84420Z},
      doi = {10.1117/12.926513},
   adsurl = {http://adsabs.harvard.edu/abs/2012SPIE.8442E..0ZA},
  adsnote = {Provided by the SAO/NASA Astrophysics Data System}
}

@ARTICLE{WFIRST,
   author = {{Spergel}, D. and {Gehrels}, N. and {Baltay}, C. and {Bennett}, D. and 
  {Breckinridge}, J. and {Donahue}, M. and {Dressler}, A. and 
  {Gaudi}, B.~S. and {Greene}, T. and {Guyon}, O. and {Hirata}, C. and 
  {Kalirai}, J. and {Kasdin}, N.~J. and {Macintosh}, B. and {Moos}, W. and 
  {Perlmutter}, S. and {Postman}, M. and {Rauscher}, B. and {Rhodes}, J. and 
  {Wang}, Y. and {Weinberg}, D. and {Benford}, D. and {Hudson}, M. and 
  {Jeong}, W.-S. and {Mellier}, Y. and {Traub}, W. and {Yamada}, T. and 
  {Capak}, P. and {Colbert}, J. and {Masters}, D. and {Penny}, M. and 
  {Savransky}, D. and {Stern}, D. and {Zimmerman}, N. and {Barry}, R. and 
  {Bartusek}, L. and {Carpenter}, K. and {Cheng}, E. and {Content}, D. and 
  {Dekens}, F. and {Demers}, R. and {Grady}, K. and {Jackson}, C. and 
  {Kuan}, G. and {Kruk}, J. and {Melton}, M. and {Nemati}, B. and 
  {Parvin}, B. and {Poberezhskiy}, I. and {Peddie}, C. and {Ruffa}, J. and 
  {Wallace}, J.~K. and {Whipple}, A. and {Wollack}, E. and {Zhao}, F.
  },
    title = "{Wide-Field InfrarRed Survey Telescope-Astrophysics Focused Telescope Assets WFIRST-AFTA 2015 Report}",
  journal = {ArXiv e-prints},
archivePrefix = "arXiv",
   eprint = {1503.03757},
 primaryClass = "astro-ph.IM",
 keywords = {Astrophysics - Instrumentation and Methods for Astrophysics},
     year = 2015,
    month = mar,
   adsurl = {http://adsabs.harvard.edu/abs/2015arXiv150303757S},
  adsnote = {Provided by the SAO/NASA Astrophysics Data System}
}

@ARTICLE{PlanckCosmo,
   author = {{Planck Collaboration} and {Ade}, P.~A.~R. and {Aghanim}, N. and 
  {Arnaud}, M. and {Ashdown}, M. and {Aumont}, J. and {Baccigalupi}, C. and 
  {Banday}, A.~J. and {Barreiro}, R.~B. and {Bartlett}, J.~G. and et al.},
    title = "{Planck 2015 results. XIII. Cosmological parameters}",
  journal = {ArXiv e-prints},
archivePrefix = "arXiv",
   eprint = {1502.01589},
 keywords = {Astrophysics - Cosmology and Nongalactic Astrophysics},
     year = 2015,
    month = feb,
   adsurl = {http://adsabs.harvard.edu/abs/2015arXiv150201589P},
  adsnote = {Provided by the SAO/NASA Astrophysics Data System}
}

@ARTICLE{WMAP9,
   author = {{Hinshaw}, G. and {Larson}, D. and {Komatsu}, E. and {Spergel}, D.~N. and 
  {Bennett}, C.~L. and {Dunkley}, J. and {Nolta}, M.~R. and {Halpern}, M. and 
  {Hill}, R.~S. and {Odegard}, N. and {Page}, L. and {Smith}, K.~M. and 
  {Weiland}, J.~L. and {Gold}, B. and {Jarosik}, N. and {Kogut}, A. and 
  {Limon}, M. and {Meyer}, S.~S. and {Tucker}, G.~S. and {Wollack}, E. and 
  {Wright}, E.~L.},
    title = "{Nine-year Wilkinson Microwave Anisotropy Probe (WMAP) Observations: Cosmological Parameter Results}",
  journal = {\apjs},
archivePrefix = "arXiv",
   eprint = {1212.5226},
 keywords = {cosmic background radiation, cosmology: observations, dark matter, early universe, instrumentation: detectors, space vehicles, space vehicles: instruments, telescopes },
     year = 2013,
    month = oct,
   volume = 208,
      eid = {19},
    pages = {19},
      doi = {10.1088/0067-0049/208/2/19},
   adsurl = {http://adsabs.harvard.edu/abs/2013ApJS..208...19H},
  adsnote = {Provided by the SAO/NASA Astrophysics Data System}
}

%%%%%%%%%%%%%%%%%%%%%%%%%%
%%%%%%Baryons%%%%%%%%%%%%%
%%%%%%%%%%%%%%%%%%%%%%%%%%

@ARTICLE{BaryonXiuyuan,
   author = {{Yang}, X. and {Kratochvil}, J.~M. and {Huffenberger}, K. and 
  {Haiman}, Z. and {May}, M.},
    title = "{Baryon impact on weak lensing peaks and power spectrum: Low-bias statistics and self-calibration in future surveys}",
  journal = {\prd},
archivePrefix = "arXiv",
   eprint = {1210.0608},
 keywords = {Cosmology, Dark energy, Astronomical catalogs atlases sky surveys databases retrieval systems archives etc., Galaxy clusters},
     year = 2013,
    month = jan,
   volume = 87,
   number = 2,
      eid = {023511},
    pages = {023511},
      doi = {10.1103/PhysRevD.87.023511},
   adsurl = {http://adsabs.harvard.edu/abs/2013PhRvD..87b3511Y},
  adsnote = {Provided by the SAO/NASA Astrophysics Data System}
}

@ARTICLE{BaryonSemboloni,
   author = {{Semboloni}, E. and {Hoekstra}, H. and {Schaye}, J.},
    title = "{Effect of baryonic feedback on two- and three-point shear statistics: prospects for detection and improved modelling}",
  journal = {\mnras},
archivePrefix = "arXiv",
   eprint = {1210.7303},
 keywords = {gravitational lensing: weak, surveys, galaxies: formation, cosmological parameters, cosmology: theory, large-scale structure of Universe},
     year = 2013,
    month = sep,
   volume = 434,
    pages = {148-162},
      doi = {10.1093/mnras/stt1013},
   adsurl = {http://adsabs.harvard.edu/abs/2013MNRAS.434..148S},
  adsnote = {Provided by the SAO/NASA Astrophysics Data System}
}

@ARTICLE{BaryonsWhite,
   author = {{White}, M.},
    title = "{Baryons and weak lensing power spectra}",
  journal = {Astroparticle Physics},
   eprint = {astro-ph/0405593},
 keywords = {Cosmology, Lensing, Large-scale structures, Superclusters, large-scale structure of the Universe, Observational cosmology, Background radiations},
     year = 2004,
    month = nov,
   volume = 22,
    pages = {211-217},
      doi = {10.1016/j.astropartphys.2004.06.001},
   adsurl = {http://adsabs.harvard.edu/abs/2004APh....22..211W},
  adsnote = {Provided by the SAO/NASA Astrophysics Data System}
}

@ARTICLE{BaryonsKnox,
   author = {{Zhan}, H. and {Knox}, L.},
    title = "{Effect of Hot Baryons on the Weak-Lensing Shear Power Spectrum}",
  journal = {\apjl},
   eprint = {astro-ph/0409198},
 keywords = {Cosmology: Theory, Cosmology: Dark Matter, Galaxies: Clusters: General, Cosmology: Gravitational Lensing, Cosmology: Large-Scale Structure of Universe},
     year = 2004,
    month = dec,
   volume = 616,
    pages = {L75-L78},
      doi = {10.1086/426712},
   adsurl = {http://adsabs.harvard.edu/abs/2004ApJ...616L..75Z},
  adsnote = {Provided by the SAO/NASA Astrophysics Data System}
}

@article{BaryonsZentner1,
  title = {Self-calibration of tomographic weak lensing for the physics of baryons to constrain dark energy},
  author = {Zentner, Andrew R. and Rudd, Douglas H. and Hu, Wayne},
  journal = {Phys. Rev. D},
  volume = {77},
  issue = {4},
  pages = {043507},
  numpages = {21},
  year = {2008},
  month = {Feb},
  publisher = {American Physical Society},
  doi = {10.1103/PhysRevD.77.043507},
  url = {http://link.aps.org/doi/10.1103/PhysRevD.77.043507}
}

@ARTICLE{BaryonsZentner2,
   author = {{Rudd}, D.~H. and {Zentner}, A.~R. and {Kravtsov}, A.~V.},
    title = "{Effects of Baryons and Dissipation on the Matter Power Spectrum}",
  journal = {\apj},
   eprint = {astro-ph/0703741},
 keywords = {Cosmology: Theory, Galaxies: Clusters: General, Galaxies: Evolution, Methods: Numerical},
     year = 2008,
    month = jan,
   volume = 672,
    pages = {19-32},
      doi = {10.1086/523836},
   adsurl = {http://adsabs.harvard.edu/abs/2008ApJ...672...19R},
  adsnote = {Provided by the SAO/NASA Astrophysics Data System}
}


%%%%%%%%%%%%%%%%%%%%%
%%%%%%%%%%NG%%%%%%%%%
%%%%%%%%%%%%%%%%%%%%%

@ARTICLE{MinkJan,
   author = {{Kratochvil}, J.~M. and {Lim}, E.~A. and {Wang}, S. and {Haiman}, Z. and 
  {May}, M. and {Huffenberger}, K.},
    title = "{Probing cosmology with weak lensing Minkowski functionals}",
  journal = {\prd},
archivePrefix = "arXiv",
   eprint = {1109.6334},
 primaryClass = "astro-ph.CO",
 keywords = {Cosmology, Dark energy, Superclusters, large-scale structure of the Universe},
     year = 2012,
    month = may,
   volume = 85,
   number = 10,
      eid = {103513},
    pages = {103513},
      doi = {10.1103/PhysRevD.85.103513},
   adsurl = {http://adsabs.harvard.edu/abs/2012PhRvD..85j3513K},
  adsnote = {Provided by the SAO/NASA Astrophysics Data System}
}

@ARTICLE{PeaksJan,
   author = {{Yang}, X. and {Kratochvil}, J.~M. and {Wang}, S. and {Lim}, E.~A. and 
  {Haiman}, Z. and {May}, M.},
    title = "{Cosmological information in weak lensing peaks}",
  journal = {\prd},
archivePrefix = "arXiv",
   eprint = {1109.6333},
 keywords = {Cosmology, Dark energy, Astronomical catalogs atlases sky surveys databases retrieval systems archives etc., Galaxy clusters},
     year = 2011,
    month = aug,
   volume = 84,
   number = 4,
      eid = {043529},
    pages = {043529},
      doi = {10.1103/PhysRevD.84.043529},
   adsurl = {http://adsabs.harvard.edu/abs/2011PhRvD..84d3529Y},
  adsnote = {Provided by the SAO/NASA Astrophysics Data System}
}

@ARTICLE{NG-Marian,
   author = {{Marian}, L. and {Smith}, R.~E. and {Bernstein}, G.~M.},
    title = "{The Cosmology Dependence of Weak Lensing Cluster Counts}",
  journal = {\apjl},
archivePrefix = "arXiv",
   eprint = {0811.1991},
 keywords = {galaxies: clusters: general, large-scale structure of universe, methods: N-body simulations},
     year = 2009,
    month = jun,
   volume = 698,
    pages = {L33-L36},
      doi = {10.1088/0004-637X/698/1/L33},
   adsurl = {http://adsabs.harvard.edu/abs/2009ApJ...698L..33M},
  adsnote = {Provided by the SAO/NASA Astrophysics Data System}
}

@ARTICLE{NG-Jain1,
   author = {{Takada}, M. and {Jain}, B.},
    title = "{The kurtosis of the cosmic shear field}",
  journal = {\mnras},
   eprint = {astro-ph/0205055},
 keywords = {gravitational lensing, cosmology: theory, large-scale structure of Universe},
     year = 2002,
    month = dec,
   volume = 337,
    pages = {875-894},
      doi = {10.1046/j.1365-8711.2002.05972.x},
   adsurl = {http://adsabs.harvard.edu/abs/2002MNRAS.337..875T},
  adsnote = {Provided by the SAO/NASA Astrophysics Data System}
}

@ARTICLE{NG-Jain2,
   author = {{Takada}, M. and {Jain}, B.},
    title = "{Three-point correlations in weak lensing surveys: model predictions and applications}",
  journal = {\mnras},
   eprint = {astro-ph/0304034},
 keywords = {gravitational lensing, cosmology: theory, large-scale structure of Universe},
     year = 2003,
    month = sep,
   volume = 344,
    pages = {857-886},
      doi = {10.1046/j.1365-8711.2003.06868.x},
   adsurl = {http://adsabs.harvard.edu/abs/2003MNRAS.344..857T},
  adsnote = {Provided by the SAO/NASA Astrophysics Data System}
}

@ARTICLE{NG-Jain3,
   author = {{Takada}, M. and {Jain}, B.},
    title = "{Cosmological parameters from lensing power spectrum and bispectrum tomography}",
  journal = {\mnras},
   eprint = {astro-ph/0310125},
 keywords = {gravitational lensing, cosmology: theory, dark matter, large-scale structure of Universe},
     year = 2004,
    month = mar,
   volume = 348,
    pages = {897-915},
      doi = {10.1111/j.1365-2966.2004.07410.x},
   adsurl = {http://adsabs.harvard.edu/abs/2004MNRAS.348..897T},
  adsnote = {Provided by the SAO/NASA Astrophysics Data System}
}

@ARTICLE{NG-Refregier,
   author = {{Berg{\'e}}, J. and {Amara}, A. and {R{\'e}fr{\'e}gier}, A.},
    title = "{Optimal Capture of Non-Gaussianity in Weak-Lensing Surveys: Power Spectrum, Bispectrum, and Halo Counts}",
  journal = {\apj},
archivePrefix = "arXiv",
   eprint = {0909.0529},
 keywords = {cosmological parameters, gravitational lensing: weak, large-scale structure of universe},
     year = 2010,
    month = apr,
   volume = 712,
    pages = {992-1002},
      doi = {10.1088/0004-637X/712/2/992},
   adsurl = {http://adsabs.harvard.edu/abs/2010ApJ...712..992B},
  adsnote = {Provided by the SAO/NASA Astrophysics Data System}
}

@ARTICLE{NG-Dietrich,
   author = {{Dietrich}, J.~P. and {Hartlap}, J.},
    title = "{Cosmology with the shear-peak statistics}",
  journal = {\mnras},
archivePrefix = "arXiv",
   eprint = {0906.3512},
 keywords = {gravitational lensing, cosmological parameters, large-scale structure of Universe},
     year = 2010,
    month = feb,
   volume = 402,
    pages = {1049-1058},
      doi = {10.1111/j.1365-2966.2009.15948.x},
   adsurl = {http://adsabs.harvard.edu/abs/2010MNRAS.402.1049D},
  adsnote = {Provided by the SAO/NASA Astrophysics Data System}
}

%%%%%%%%%%%%%%%%%%%%%%%%%%%%%
%%%%%%%%%Systematics%%%%%%%%%
%%%%%%%%%%%%%%%%%%%%%%%%%%%%%

@ARTICLE{MinkShirasaki,
   author = {{Shirasaki}, M. and {Yoshida}, N. and {Hamana}, T.},
    title = "{Effect of Masked Regions on Weak-lensing Statistics}",
  journal = {\apj},
archivePrefix = "arXiv",
   eprint = {1304.2164},
 primaryClass = "astro-ph.CO",
 keywords = {cosmology: observations, cosmology: theory, large-scale structure of universe },
     year = 2013,
    month = sep,
   volume = 774,
      eid = {111},
    pages = {111},
      doi = {10.1088/0004-637X/774/2/111},
   adsurl = {http://adsabs.harvard.edu/abs/2013ApJ...774..111S},
  adsnote = {Provided by the SAO/NASA Astrophysics Data System}
}

@ARTICLE{Sys-Bard,
   author = {{Bard}, D. and {Kratochvil}, J.~M. and {Chang}, C. and {May}, M. and 
  {Kahn}, S.~M. and {AlSayyad}, Y. and {Ahmad}, Z. and {Bankert}, J. and 
  {Connolly}, A. and {Gibson}, R.~R. and {Gilmore}, K. and {Grace}, E. and 
  {Haiman}, Z. and {Hannel}, M. and {Huffenberger}, K.~M. and 
  {Jernigan}, J.~G. and {Jones}, L. and {Krughoff}, S. and {Lorenz}, S. and 
  {Marshall}, S. and {Meert}, A. and {Nagarajan}, S. and {Peng}, E. and 
  {Peterson}, J. and {Rasmussen}, A.~P. and {Shmakova}, M. and 
  {Sylvestre}, N. and {Todd}, N. and {Young}, M.},
    title = "{Effect of Measurement Errors on Predicted Cosmological Constraints from Shear Peak Statistics with Large Synoptic Survey Telescope}",
  journal = {\apj},
archivePrefix = "arXiv",
   eprint = {1301.0830},
 keywords = {cosmological parameters, dark energy, gravitational lensing: weak, methods: statistical },
     year = 2013,
    month = sep,
   volume = 774,
      eid = {49},
    pages = {49},
      doi = {10.1088/0004-637X/774/1/49},
   adsurl = {http://adsabs.harvard.edu/abs/2013ApJ...774...49B},
  adsnote = {Provided by the SAO/NASA Astrophysics Data System}
}

@ARTICLE{Sys-Chang,
   author = {{Chang}, C. and {Kahn}, S.~M. and {Jernigan}, J.~G. and {Peterson}, J.~R. and 
  {AlSayyad}, Y. and {Ahmad}, Z. and {Bankert}, J. and {Bard}, D. and 
  {Connolly}, A. and {Gibson}, R.~R. and {Gilmore}, K. and {Grace}, E. and 
  {Hannel}, M. and {Hodge}, M.~A. and {Jee}, M.~J. and {Jones}, L. and 
  {Krughoff}, S. and {Lorenz}, S. and {Marshall}, P.~J. and {Marshall}, S. and 
  {Meert}, A. and {Nagarajan}, S. and {Peng}, E. and {Rasmussen}, A.~P. and 
  {Shmakova}, M. and {Sylvestre}, N. and {Todd}, N. and {Young}, M.
  },
    title = "{Spurious shear in weak lensing with the Large Synoptic Survey Telescope}",
  journal = {\mnras},
archivePrefix = "arXiv",
   eprint = {1206.1378},
 keywords = {gravitational lensing: weak, atmospheric effects, methods: statistical, telescopes, surveys, cosmology: observations},
     year = 2013,
    month = jan,
   volume = 428,
    pages = {2695-2713},
      doi = {10.1093/mnras/sts223},
   adsurl = {http://adsabs.harvard.edu/abs/2013MNRAS.428.2695C},
  adsnote = {Provided by the SAO/NASA Astrophysics Data System}
}

@ARTICLE{Sys-Huterer,
   author = {{Huterer}, D. and {Takada}, M. and {Bernstein}, G. and {Jain}, B.
  },
    title = "{Systematic errors in future weak-lensing surveys: requirements and prospects for self-calibration}",
  journal = {\mnras},
   eprint = {astro-ph/0506030},
 keywords = {cosmological parameters, large-scale structure of Universe},
     year = 2006,
    month = feb,
   volume = 366,
    pages = {101-114},
      doi = {10.1111/j.1365-2966.2005.09782.x},
   adsurl = {http://adsabs.harvard.edu/abs/2006MNRAS.366..101H},
  adsnote = {Provided by the SAO/NASA Astrophysics Data System}
}

%%%%%%%%%%%%%%%%%%%%%%%%%%%%%%%%%%%%%%%%%%%%%%%%%%%%%%%%%%%%%%%%%%%%%%%%%%%%%%%%%%%%%%%%%%%%%%%%%%%%%%%%%%%%%%%%%%

@ARTICLE{HuTomo,
   author = {{Zhan}, H.},
    title = "{Cosmic tomographies: baryon acoustic oscillations and weak lensing}",
  journal = {JCAP},
   eprint = {astro-ph/0605696},
     year = 2006,
    month = aug,
   volume = 8,
      eid = {008},
    pages = {008},
      doi = {10.1088/1475-7516/2006/08/008},
   adsurl = {http://adsabs.harvard.edu/abs/2006JCAP...08..008Z},
  adsnote = {Provided by the SAO/NASA Astrophysics Data System}
}

@ARTICLE{MartinetPeaksTomo,
   author = {{Martinet}, N. and {Bartlett}, J.~G. and {Kiessling}, A. and 
  {Sartoris}, B.},
    title = "{Constraining cosmology with shear peak statistics: tomographic analysis}",
  journal = {\aap},
archivePrefix = "arXiv",
   eprint = {1506.02192},
 keywords = {gravitational lensing: weak, cosmological parameters},
     year = 2015,
    month = sep,
   volume = 581,
      eid = {A101},
    pages = {A101},
      doi = {10.1051/0004-6361/201425164},
   adsurl = {http://adsabs.harvard.edu/abs/2015A%26A...581A.101M},
  adsnote = {Provided by the SAO/NASA Astrophysics Data System}
}

%%%%%%%%%%%%%%%%%%%%%%%%%%%%%%%%%%%%%%%%%%%%%%%%%%%%%%%%%%%%%%%%%%%%%%%%%%%%%%%%%%%%%%%%%%%%%%%%%%%%%%%%%%%%%%%%%%

@ARTICLE{SSC1,
   author = {{Takada}, M. and {Hu}, W.},
    title = "{Power spectrum super-sample covariance}",
  journal = {\prd},
archivePrefix = "arXiv",
   eprint = {1302.6994},
 primaryClass = "astro-ph.CO",
 keywords = {Cosmology, Dark energy, Superclusters, large-scale structure of the Universe},
     year = 2013,
    month = jun,
   volume = 87,
   number = 12,
      eid = {123504},
    pages = {123504},
      doi = {10.1103/PhysRevD.87.123504},
   adsurl = {http://adsabs.harvard.edu/abs/2013PhRvD..87l3504T},
  adsnote = {Provided by the SAO/NASA Astrophysics Data System}
}

@ARTICLE{SSC2,
   author = {{Mohammed}, I. and {Seljak}, U. and {Vlah}, Z.},
    title = "{Perturbative approach to covariance matrix of the matter power spectrum}",
  journal = {ArXiv e-prints},
archivePrefix = "arXiv",
   eprint = {1607.00043},
 keywords = {Astrophysics - Cosmology and Nongalactic Astrophysics},
     year = 2016,
    month = jun,
   adsurl = {http://adsabs.harvard.edu/abs/2016arXiv160700043M},
  adsnote = {Provided by the SAO/NASA Astrophysics Data System}
}